<record><leader>00000cas a22000007a 4500</leader><controlfield tag="001">12844882</controlfield><controlfield tag="008">851125d19041930inudn ne      0    0eng d</controlfield><datafield ind1=" " ind2=" " tag="010"><subfield code="a">sn 85048185 </subfield></datafield><datafield ind1=" " ind2=" " tag="040"><subfield code="a">NPI</subfield><subfield code="b">eng</subfield><subfield code="c">NPI</subfield><subfield code="d">OCLCQ</subfield></datafield><datafield ind1=" " ind2=" " tag="042"><subfield code="a">msc</subfield></datafield><datafield ind1="0" ind2=" " tag="130"><subfield code="a">Daily Republican (Rushville, Ind.)</subfield></datafield><datafield ind1="1" ind2="4" tag="245"><subfield code="a">The daily Republican.</subfield></datafield><datafield ind1=" " ind2=" " tag="260"><subfield code="a">Rushville, Ind. :</subfield><subfield code="b">Republican Co.,</subfield><subfield code="c">1904-1930.</subfield></datafield><datafield ind1=" " ind2=" " tag="300"><subfield code="a">v. :</subfield><subfield code="b">ill. ;</subfield><subfield code="c">55 cm.</subfield></datafield><datafield ind1=" " ind2=" " tag="310"><subfield code="a">Daily (except Sun.)</subfield></datafield><datafield ind1="0" ind2=" " tag="362"><subfield code="a">Vol. 1, no. 1 (Mar. 14, 1904)-v.26, no. 281 (Feb. 8, 1930).</subfield></datafield><datafield ind1=" " ind2=" " tag="580"><subfield code="a">Also published in a semiweekly edition called: The Rushville Republican (Rushville, Ind. : 1903 : Semiweekly).</subfield></datafield><datafield ind1=" " ind2=" " tag="752"><subfield code="a">United States</subfield><subfield code="b">Indiana</subfield><subfield code="c">Rush</subfield><subfield code="d">Rushville.</subfield></datafield><datafield ind1="1" ind2=" " tag="775"><subfield code="t">Rushville Republican (Rushville, Ind. : 1903 : Semiweekly)</subfield><subfield code="w">(DLC)sn 85048192</subfield></datafield><datafield ind1="0" ind2="0" tag="785"><subfield code="t">Rushville Republican (Rushville, Ind. : 1930 : Daily)</subfield><subfield code="w">(DLC)sn 84027618</subfield></datafield></record>